@ARTICLE{nf_review,
  author={I. {Kobyzev} and S. {Prince} and M. {Brubaker}},
  journal={IEEE Transactions on Pattern Analysis and Machine Intelligence}, 
  title={Normalizing Flows: An Introduction and Review of Current Methods}, 
  year={2020},
  volume={},
  number={},
  pages={1-1},
}
@book{real_analysis,
  title={A course in real analysis},
  author={J. N. McDonald and N. Weiss},
  year=2013,
  publisher={Elsevier Inc.},
  edition=2
}
@InProceedings{naf, 
    title = {Neural Autoregressive Flows}, 
    author = {Huang, Chin-Wei and Krueger, David and Lacoste, Alexandre and Courville, Aaron}, 
    pages = {2078--2087}, 
    year = {2018}, 
    editor = {Jennifer Dy and Andreas Krause}, 
    volume = {80}, 
    series = {Proceedings of Machine Learning Research}, 
    address = {Stockholmsm√§ssan, Stockholm Sweden}, 
    month = {10--15 Jul}, 
    publisher = {PMLR}, 
    pdf = {http://proceedings.mlr.press/v80/huang18d/huang18d.pdf}, 
    url = {http://proceedings.mlr.press/v80/huang18d.html}, 
}
@article{scheffe,
    author = {Scheffe, Henry},
    doi = {10.1214/aoms/1177730390},
    fjournal = {Annals of Mathematical Statistics},
    journal = {Ann. Math. Statist.},
    month = {09},
    number = {3},
    pages = {434--438},
    publisher = {The Institute of Mathematical Statistics},
    title = {A Useful Convergence Theorem for Probability Distributions},
    url = {https://doi.org/10.1214/aoms/1177730390},
    volume = {18},
    year = {1947}
}
@article{wehenkel,
  title={You say Normalizing Flows I see Bayesian Networks},
  author={Wehenkel, Antoine and Louppe, Gilles},
  journal={arXiv preprint arXiv:2006.00866v2},
  year={2020}
}
@InProceedings{nn_uni, 
    title = {{Universal Approximation with Deep Narrow Networks}}, 
    author = {Kidger, Patrick and Lyons, Terry}, 
    pages = {2306--2327}, 
    year = {2020}, 
    editor = {Jacob Abernethy and Shivani Agarwal}, 
    volume = {125}, 
    series = {Proceedings of Machine Learning Research}, 
    address = {}, 
    month = {09--12 Jul}, 
    publisher = {PMLR}, 
    pdf = {http://proceedings.mlr.press/v125/kidger20a/kidger20a.pdf}, 
    url = {http://proceedings.mlr.press/v125/kidger20a.html}, 
}
@incollection{iaf,
title = {Improved Variational Inference with Inverse Autoregressive Flow},
author = {Kingma, Durk P and Salimans, Tim and Jozefowicz, Rafal and Chen, Xi and Sutskever, Ilya and Welling, Max},
booktitle = {Advances in Neural Information Processing Systems 29},
editor = {D. D. Lee and M. Sugiyama and U. V. Luxburg and I. Guyon and R. Garnett},
pages = {4743--4751},
year = {2016},
publisher = {Curran Associates, Inc.},
url = {http://papers.nips.cc/paper/6581-improved-variational-inference-with-inverse-autoregressive-flow.pdf}
}
@incollection{maf,
title = {Masked Autoregressive Flow for Density Estimation},
author = {Papamakarios, George and Pavlakou, Theo and Murray, Iain},
booktitle = {Advances in Neural Information Processing Systems 30},
editor = {I. Guyon and U. V. Luxburg and S. Bengio and H. Wallach and R. Fergus and S. Vishwanathan and R. Garnett},
pages = {2338--2347},
year = {2017},
publisher = {Curran Associates, Inc.},
url = {http://papers.nips.cc/paper/6828-masked-autoregressive-flow-for-density-estimation.pdf}
}
